% Access Control

@inproceedings{Sandhu:ABAC:2018,
	author = {Gupta, Maanak and Patwa, Farhan and Sandhu, Ravi},
	title = {{A}n {A}ttribute-{B}ased {A}ccess {C}ontrol {M}odel for {S}ecure {B}ig {D}ata {P}rocessing in {H}adoop {E}cosystem},
	year = {2018},
	location = {Tempe, AZ, USA},
	publisher = {Association for Computing Machinery},
	address = {New York, NY, USA},
	booktitle = {Proceedings of the Third ACM Workshop on Attribute-Based Access Control},
	pages = {13-24},
	numpages = {12},
	series = {ABAC'18}
}

@inproceedings{Sandhu:SACMAT:2017,
	author = {Gupta, Maanak and Patwa, Farhan and Sandhu, Ravi},
	title = {{POSTER}: Access Control Model for the Hadoop Ecosystem},
	year = {2017},
	isbn = {9781450347020},
	publisher = {ACM},
	booktitle = {Proc. of the 22nd ACM on Symposium on Access Control Models and Technologies},
	pages = {125Â€--127}
}

@inproceedings{GuardSpark:ACSAC:2020,
	author = {Xue, Tao and Wen, Yu and Luo, Bo and Zhang, Boyang and Zheng, Yang and Hu, et and Li, Yingjiu and Li, Gang and Meng, Dan},
	title = {{G}uard{S}park++: {F}ine-{G}rained {P}urpose-{A}ware {A}ccess {C}ontrol for {S}ecure {D}ata {S}haring and {A}nalysis in {S}park},
	year = {2020},
	booktitle = {Proc. of ACM Annual Computer Security Applications Conference},
	pages = {582--596},
	month={December},
	series = {ACSAC'20}
}

@inproceedings{HuFerraiolo:2014,
	author = {Vincent Hu and Tim Grance and David Ferraiolo and D Kuhn},
    	title ={{A}n {A}ccess {C}ontrol {S}cheme for {B}ig {D}ata {P}rocessing},
    	booktitle = {Proc. of 10th IEEE International Conference on Collaborative Computing: Networking, Applications and Worksharing},
  	month = {October},
  	address = {Miami, USA},
	pages={1--7},
  	year = {2014}
}

@InProceedings{ABACforHBase:2019,
	author="Huang, Liangqiang and Zhu, Yan and Wang, Xin and Khurshid, Faisal",
	editor="Hartmann, Sven and K{\"u}ng, Josef and Chakravarthy, Sharma and Anderst-Kotsis, Gabriele and Tjoa, A Min and Khalil, Ismail",
	title="{A}n {A}ttribute-{B}ased {F}ine-{G}rained {A}ccess {C}ontrol {M}echanism for {HB}ase",
	booktitle="Database and Expert Systems Applications",
	year="2019",
	publisher="Springer International Publishing",
	pages="44--59"
}


@inbook{medes2021,
	author = {Anisetti, Marco and Ardagna, Claudio A. and Braghin, Chiara and Damiani, Ernesto and Polimeno, Antongiacomo and Balestrucci, Alessandro},
	title = {{D}ynamic and {S}calable {E}nforcement of {A}ccess {C}ontrol {P}olicies for {B}ig {D}ata},
	year = {2021},
	publisher = {Association for Computing Machinery},
	address = {New York, NY, USA},
	booktitle = {Proceedings of the 13th International Conference on Management of Digital EcoSystems},
	pages = {71--78}
}

@misc{XACML3.0,
  	author = {Richard C. Hill and Hal Lockhartr},
 	title = {e{X}tensible {A}ccess {C}ontrol {M}arkup {L}anguage ({XACML}) {V}ersion 3.0},
 	howpublished = {OASIS Standard},
  	number = {ISO 9241-210:2010},
  	year = {2013},
	url = {https://docs.oasis-open.org/xacml/3.0/xacml-3.0-core-spec-os-en.html}
}

% Governance

@inproceedings{aissa2020decide,
 	author    = {Mohamed Mehdi Ben Aissa and Lilia Sfaxi and Riadh Robbana},
  	title     = {{DECIDE:} {A} {N}ew {D}ecisional {B}ig {D}ata {M}ethodology for a {B}etter {D}ata {G}overnance},
  	booktitle = {{Proc. of EMCIS}},
	volume = {402},
  	address = {Dubai, EAU},
  	month = {November},
  	year      = {2020}
}

@inproceedings{5v,
    	author = {Yuri Demchenko and Paola Grosso and Cees de Laat and Peter Membrey},
  	title = {Addressing big data issues in Scientific Data Infrastructure},
  	booktitle = {{Proceedings of IEEE CTS}},
    	address = {Brisbane, Australia},
 	 month = {April},
  	year = {2013}
}

@article{al2018exploring,
  	title = {{E}xploring {B}ig {D}ata {G}overnance {F}rameworks},
  	author = {Al-Badi, Ali and Tarhini, Ali and Khan, Asharul Islam},
  	journal = {Procedia Computer Science},
  	volume = {141},
  	pages = {271--277},
 	 year = {2018},
  	publisher = {Elsevier}
}

@manual{EUdataregulations2018,
    title = {The General Data Protection Regulation (GDPR) - Regulation (EU) 2016/679},
    author = {EU},
    url = {https://eur-lex.europa.eu/legal-content/EN/TXT/?uri=CELEX%3A02016R0679-20160504&qid=1532348683434},
    date = {2018-05-25},
}
@INPROCEEDINGS{BigDataQaulitySurvey,
  author={Taleb, Ikbal and Serhani, Mohamed Adel and Dssouli, Rachida},
  booktitle={2018 IEEE International Congress on Big Data (BigData Congress)}, 
  title={Big Data Quality: A Survey}, 
  year={2018},
  volume={},
  number={},
  pages={166-173},
  doi={10.1109/BigDataCongress.2018.00029}}
